@inproceedings{2004:GreedyRegularExpressionMatching,
	author={Alain Frisch and Luca Cardelli},
	title={Greedy Regular Expression Matching},
	booktitle={Automata, Languages and Programming: 31st International Colloquium, {ICALP}
		2004, Turku, Finland, July 12-16, 2004. Proceedings},
	year={2004},
	publisher={Springer},
	editor={Josep D{\'i}az and Juhani Karhum{\"a}ki and Arto Lepist{\"o} and Donald Sannella},
	pages={618--629},
	volume={3142},
	isbn={3-540-22849-7},
	series={Lecture Notes in Computer Science}
}
@article{veanes,
author = {Margus Veanes and Peli de Halleux and Nikolai Tillmann},
title = {Rex: Symbolic Regular Expression Explorer},
journal ={Software Testing, Verification, and Validation, 2008 International Conference on},
volume = {0},
isbn = {978-0-7695-3990-4},
year = {2010},
pages = {498-507},
doi = {http://doi.ieeecomputersociety.org/10.1109/ICST.2010.15},
publisher = {IEEE Computer Society},
address = {Los Alamitos, CA, USA},
}
@book{Cormen,
 author = {Cormen, Thomas H. and Stein, Clifford and Rivest, Ronald L. and Leiserson, Charles E.},
 title = {Introduction to Algorithms},
 year = {2001},
 isbn = {0070131511},
 edition = {2nd},
 publisher = {McGraw-Hill Higher Education},
} 
@article{Champarnaud1999,
author = {Champarnaud, J. -M. and Ponty, J. -L. and Ziadi, D.},
doi = {10.1080/00207169908804865},
issn = {0020-7160},
journal = {International Journal of Computer Mathematics},
number = {4},
pages = {415--431},
title = {{From regular expressions to finite automata}},
url = {http://www.informaworld.com/openurl?genre=article\&doi=10.1080/00207169908804865\&magic=crossref||D404A21C5BB053405B1A640AFFD44AE3},
volume = {72},
year = {1999}
}
@misc{RussCox,
author = {Cox, Russ},
title = {{Regular Expression Matching Can Be Simple And Fast (but is slow in Java, Perl, PHP, Python, Ruby, ...)}},
note = {\url{http://swtch.com/~rsc/regexp/regexp1.html}},
year = {2007}
}
@misc{Cox2007,
author = {Cox, Russ},
title = {{Regular expression implementation}},
note = {\url{http://swtch.com/~rsc/regexp/nfa.c.txt}},
year = {2007}
}
@misc{Cox2009,
author = {Cox, Russ},
title = {{Regular Expression Matching: the Virtual Machine Approach}},
note = {\url{http://swtch.com/~rsc/regexp/regexp2.html}},
year = {2009}
}
@misc{pelreguts,
author = {Yves Orton},
title = {perlreguts},
note = {\url{http://perldoc.perl.org/perlreguts.html}},
year = {2006}
}
@article{Dube2000,
author = {Dub\'{e}, Danny and Feeley, Marc},
doi = {10.1007/s002360000037},
issn = {0001-5903},
journal = {Acta Informatica},
month = sep,
number = {2},
pages = {121--144},
title = {{Efficiently building a parse tree from a regular expression}},
url = {http://www.springerlink.com/openurl.asp?genre=article\&id=doi:10.1007/s002360000037},
volume = {37},
year = {2000}
}
@book{HopcroftJohnE.AndMotwaniRajeevAndUllman2001,
author = {{Hopcroft, John E. And Motwani, Rajeev And Ullman}, Jeffrey D.},
edition = {2nd editio},
isbn = {0-201-44124-1},
publisher = {Addison-Wesley},
title = {{Introduction to automata theory, languages, and computation}},
year = {2001}
}
@article{Thompson1968,
author = {Thompson, Ken},
doi = {http://doi.acm.org/10.1145/363347.363387},
journal = {Commun. ACM},
keywords = {match,regular expression,search},
number = {6},
pages = {419--422},
title = {{Regular Expression Search Algorithm}},
volume = {11},
year = {1968}
}
@misc{Wall2002,
author = {Wall, Larry},
title = {{Apocalypse 5: Pattern Matching}},
note = {\url{http://dev.perl.org/perl6/doc/design/apo/A05.html}},
year = {2002}
}
@article{Watson1993,
author = {Watson, Bruce W},
title = {{A taxonomy of finite automata construction algorithms}},
url = {http://citeseerx.ist.psu.edu/viewdoc/summary?doi=10.1.1.47.7461},
year = {1993}
}
@article{Henglein2010,
author = {Henglein, Fritz and Nielsen, Lasse},
title = {Declarative coinductive axiomatization of regular expression containment and its computational interpretation (preliminary version)},
year = {2010}
}
@book{Aho:1986:CPT:6448,
 author = {Aho, Alfred V. and Sethi, Ravi and Ullman, Jeffrey D.},
 title = {Compilers: principles, techniques, and tools},
 year = {1986},
 isbn = {0-201-10088-6},
 publisher = {Addison-Wesley Longman Publishing Co., Inc.},
 address = {Boston, MA, USA},
} 
@article{pedersen2010,
author = {Pedersen, Line Bie},
title = {Regular expression libraries, tools and applications},
year = {2010},
}
@article{jan2010,
author = {Wiberg, Jan},
title = {Grid Replicated Storage for the Minimum Intrusion Grid},
year = {2010},
}
}
@article{laurikari2001,
author = {Laurikari, Ville},
title = {Efficient submatch addressing for regular expressions},
year = {2001},
}