Automatically generated by Mendeley 0.9.8.1
Any changes to this file will be lost if it is regenerated by Mendeley.

@misc{TheMendeleySupportTeam2010,
abstract = {A quick introduction to Mendeley. Learn how Mendeley creates your personal digital library, how to organize and annotate documents, how to collaborate and share with colleagues, and how to generate citations and bibliographies.},
address = {London},
author = {{The Mendeley Support Team}},
booktitle = {Mendeley Desktop},
file = {::},
keywords = {Mendeley,how-to,user manual},
pages = {1--14},
publisher = {Mendeley Ltd.},
title = {{Getting Started with Mendeley}},
url = {http://www.mendeley.com},
year = {2010}
}
@article{Champarnaud1999,
author = {Champarnaud, J. -M. and Ponty, J. -L. and Ziadi, D.},
doi = {10.1080/00207169908804865},
file = {:home/linebp/Dropbox/speciale/articles/770983164.pdf:pdf},
issn = {0020-7160},
journal = {International Journal of Computer Mathematics},
number = {4},
pages = {415--431},
title = {{From regular expressions to finite automata}},
url = {http://www.informaworld.com/openurl?genre=article\&doi=10.1080/00207169908804865\&magic=crossref||D404A21C5BB053405B1A640AFFD44AE3},
volume = {72},
year = {1999}
}
@article{Thompson1968,
author = {Thompson, Ken},
doi = {http://doi.acm.org/10.1145/363347.363387},
file = {:home/linebp/Dropbox/speciale/articles/p419-thompson.pdf:pdf},
journal = {Commun. ACM},
keywords = {match,regular expression,search},
number = {6},
pages = {419--422},
title = {{Regular Expression Search Algorithm}},
volume = {11},
year = {1968}
}
@article{Dube2000,
author = {Dub\'{e}, Danny and Feeley, Marc},
doi = {10.1007/s002360000037},
file = {:home/linebp/Dropbox/speciale/articles/fulltext.pdf:pdf},
issn = {0001-5903},
journal = {Acta Informatica},
month = sep,
number = {2},
pages = {121--144},
title = {{Efficiently building a parse tree from a regular expression}},
url = {http://www.springerlink.com/openurl.asp?genre=article\&id=doi:10.1007/s002360000037},
volume = {37},
year = {2000}
}
@misc{RussCox,
author = {Cox, Russ},
file = {:home/linebp/Dropbox/speciale/articles/output.pdf:pdf},
title = {{Regular Expression Matching Can Be Simple And Fast (but is slow in Java, Perl, PHP, Python, Ruby, ...)}},
url = {http://swtch.com/\~{}rsc/regexp/regexp1.html},
year = {2007}
}
@article{Watson1993,
author = {Watson, Bruce W},
file = {:home/linebp/Dropbox/speciale/articles/10.1.1.55.2995.pdf:pdf},
title = {{A taxonomy of finite automata construction algorithms}},
url = {http://citeseerx.ist.psu.edu/viewdoc/summary?doi=10.1.1.47.7461},
year = {1993}
}
@article{Henglein2010,
author = {Henglein, Fritz and Nielsen, Lasse},
title = {Declarative coinductive axiomatization of regular expression containment and its computational interpretation (preliminary version)},
year = {2010}
}
@book{HopcroftJohnE.AndMotwaniRajeevAndUllman2001,
author = {{Hopcroft, John E. And Motwani, Rajeev And Ullman}, Jeffrey D.},
edition = {2nd editio},
file = {:home/linebp/Dropbox/speciale/articles/Ebook\_Introduction\_to\_Automata.pdf:pdf},
isbn = {0-201-44124-1},
publisher = {Addison-Wesley},
title = {{Introduction to automata theory, languages, and computation}},
year = {2001}
}
